@article{mocapfileformats,
author = {Meredith, Michael and Maddock, Steve},
year = {2001},
month = {01},
pages = {1-36},
title = {Motion Capture File Formats Explained},
journal = {Production}
}

@article{buss,
  title={Introduction to inverse kinematics with jacobian transpose, pseudoinverse and damped least squares methods},
  author={Buss, Samuel R},
  journal={IEEE Journal of Robotics and Automation},
  volume={17},
  number={1-19},
  pages={16},
  year={2004}
}

@inproceedings{hsieh,
  title={Motion retargeting and transition in different articulated figures},
  author={Hsieh, Ming-Kai and Chen, Bing-Yu and Ouhyoung, Ming},
  booktitle={Ninth International Conference on Computer Aided Design and Computer Graphics (CAD-CG'05)},
  pages={6--pp},
  year={2005},
  organization={IEEE}
}

@inproceedings{monzani,
  title={Using an intermediate skeleton and inverse kinematics for motion retargeting},
  author={Monzani, Jean-S{\'e}bastien and Baerlocher, Paolo and Boulic, Ronan and Thalmann, Daniel},
  booktitle={Computer Graphics Forum},
  volume={19},
  number={3},
  pages={11--19},
  year={2000},
  organization={Wiley Online Library}
}

@article{molla,
  title={Egocentric mapping of body surface constraints},
  author={Molla, Eray and Debarba, Henrique Galvan and Boulic, Ronan},
  journal={IEEE transactions on visualization and computer graphics},
  volume={24},
  number={7},
  pages={2089--2102},
  year={2018},
  doi={10.1109/TVCG.2017.2708083}, 
  ISSN={1077-2626}, 
  publisher={IEEE}
}

@book{kitagawa,
  title={MoCap for artists: workflow and techniques for motion capture},
  author={Kitagawa, Midori and Windsor, Brian},
  year={2012},
  publisher={Focal Press}
}

@inproceedings{henne,
  title={The making of toy story [computer animation]},
  author={Henne, Mark and Hickel, Hal and Johnson, Ewan and Konishi, Sonoko},
  booktitle={COMPCON'96. Technologies for the Information Superhighway Digest of Papers},
  pages={463--468},
  year={1996},
  organization={IEEE}
}

@article{demartino,
    author={De Martino, Jos{\'e} Mario
    and Silva, Ivani Rodrigues
    and Bolognini, Carmen Zink
    and Costa, Paula Dornhofer Paro
    and Kumada, Kate Mamhy Oliveira
    and Coradine, Luis Cl{\'a}udius
    and Brito, Patrick Henrique da Silva
    and do Amaral, Wanessa Machado
    and Benetti, {\^A}ngelo Brand{\~a}o
    and Poeta, Enzo Telles
    and Angare, Leandro Martin Guertzenstein
    and Ferreira, Carolina Monteiro
    and De Conti, Davi Faria},
    title={Signing avatars: making education more inclusive},
    journal={Universal Access in the Information Society},
    year={2017},
    day={01},
    volume={16},
    number={3},
    pages={793--808},
    issn={1615-5297},
    doi={10.1007/s10209-016-0504-x},
    url={https://doi.org/10.1007/s10209-016-0504-x}
}